<?xml version="1.0" encoding="UTF-8"?><collection xmlns="http://www.loc.gov/MARC21/slim"><record><leader>00394nam--2200133-i-4500</leader><controlfield tag="001">000027364</controlfield><controlfield tag="002">20161230</controlfield><controlfield tag="005">20161230201036</controlfield><controlfield tag="008">060222s1000------------r-----000-0-eng-d</controlfield><datafield ind1=" " ind2=" " tag="080"><subfield code="a">621.385:537.533(043)</subfield></datafield><datafield ind1=" " ind2=" " tag="100"><subfield code="a">Herscovici, A</subfield></datafield><datafield ind1=" " ind2=" " tag="245"><subfield code="a">Etude lineaire du faisceau electronique et du circuit dans un gyrotron.these</subfield></datafield><datafield ind1=" " ind2=" " tag="260"><subfield code="a">Orsay, Universite De Paris-sud, 1981. V + 103p</subfield></datafield><datafield ind1=" " ind2=" " tag="852"><subfield code="a">70583</subfield></datafield></record></collection>